@misc{Obesity,
  title = {Estimation of {{Obesity Levels Based On Eating Habits}} and {{Physical Condition}}},
  year = {2019},
  publisher = {UCI Machine Learning Repository},
  doi = {10.24432/C5H31Z},
  urldate = {2025-02-13}
}

@article{Palechor2019a,
  title = {Dataset for Estimation of Obesity Levels Based on Eating Habits and Physical Condition in Individuals from {{Colombia}}, {{Peru}} and {{Mexico}}},
  author = {Palechor, Fabio Mendoza and Manotas, Alexis De La Hoz},
  year = {2019},
  month = aug,
  journal = {Data in Brief},
  volume = {25},
  pages = {104344},
  issn = {23523409},
  doi = {10.1016/j.dib.2019.104344},
  urldate = {2025-02-23},
  abstract = {Semantic Scholar extracted view of "Dataset for estimation of obesity levels based on eating habits and physical condition in individuals from Colombia, Peru and Mexico" by Fabio Mendoza Palechor et al.},
  langid = {english},
  file = {/home/joebutler/Zotero/storage/EZSEVHUC/Palechor and Manotas - 2019 - Dataset for estimation of obesity levels based on eating habits and physical condition in individual.pdf}
}
